@ARTICLE{867149,
  author={D. S. {Kirschen} and G. {Strbac} and P. {Cumperayot} and D. {de Paiva Mendes}},
  journal={IEEE Transactions on Power Systems}, 
  title={Factoring the elasticity of demand in electricity prices}, 
  year={2000},
  volume={15},
  number={2},
  pages={612-617},}

@article{jamasb2005electricity,
  title={Electricity market reform in the European Union: review of progress toward liberalization \& integration},
  author={Jamasb, Tooraj and Pollitt, Michael},
  journal={The Energy Journal},
  volume={26},
  number={Special Issue},
  year={2005},
  publisher={International Association for Energy Economics}
}

@article{glachant2014eu,
  title={The EU internal electricity market: Done forever?},
  author={Glachant, Jean-Michel and Ruester, Sophia},
  journal={Utilities Policy},
  volume={31},
  pages={221--228},
  year={2014},
  publisher={Elsevier}
}

@article{domanico2007concentration,
  title={Concentration in the European electricity industry: The internal market as solution?},
  author={Domanico, Fabio},
  journal={Energy Policy},
  volume={35},
  number={10},
  pages={5064--5076},
  year={2007},
  publisher={Elsevier}
}

@article{ringel2003liberalising,
  title={Liberalising European electricity markets: opportunities and risks for a sustainable power sector},
  author={Ringel, Marc},
  journal={Renewable and Sustainable Energy Reviews},
  volume={7},
  number={6},
  pages={485--499},
  year={2003},
  publisher={Elsevier}
}

@article{brovz2018dynamics,
  title={Dynamics and factors of inflation convergence in the European union},
  author={Bro{\v{z}}, V{\'a}clav and Ko{\v{c}}enda, Ev{\v{z}}en},
  journal={Journal of International Money and Finance},
  volume={86},
  pages={93--111},
  year={2018},
  publisher={Elsevier}
}

@article{ball1993causes,
  title={What causes inflation?},
  author={Ball, Laurence and others},
  journal={Business Review},
  number={Mar},
  pages={3--12},
  year={1993},
  publisher={Federal Reserve Bank of Philadelphia}
}